<?xml version="1.0" encoding="UTF-8"?><collection xmlns="http://www.loc.gov/MARC21/slim"><record><leader>00308nam--2200109-i-4500</leader><controlfield tag="001">000049598</controlfield><controlfield tag="002">20161230</controlfield><controlfield tag="005">20161230201047</controlfield><controlfield tag="008">060222s1000------------r-----000-0-eng-d</controlfield><datafield ind1=" " ind2=" " tag="245"><subfield code="a">Albom iadernyh reaktorov. po materialam inostrannoi pechatki za 1946-1957 g</subfield></datafield><datafield ind1=" " ind2=" " tag="260"><subfield code="a">Moskva, Atomizdat, 1959. 320s</subfield></datafield><datafield ind1=" " ind2=" " tag="852"><subfield code="a">6073</subfield></datafield></record></collection>